%YAML 1.1
%TAG !u! tag:unity3d.com,2011:
--- !u!114 &-7014496015452737210
MonoBehaviour:
  m_ObjectHideFlags: 0
  m_CorrespondingSourceObject: {fileID: 0}
  m_PrefabInstance: {fileID: 0}
  m_PrefabAsset: {fileID: 0}
  m_GameObject: {fileID: 0}
  m_Enabled: 1
  m_EditorHideFlags: 0
  m_Script: {fileID: 11500000, guid: 9f6c631d933489d4ca7328a2a5983e10, type: 3}
  m_Name: Typewriter2
  m_EditorClassIdentifier: 
  DatabaseName: General
  SoundName: Typewriter2
  IgnoreListenerPause: 1
  Volume:
    MinValue: 0
    MaxValue: 0
  Pitch:
    MinValue: 0
    MaxValue: 0
  SpatialBlend: 0
  Loop: 0
  Mode: 0
  ResetSequenceAfterInactiveTime: 0
  SequenceResetTime: 5
  Sounds:
  - AudioClip: {fileID: 8300000, guid: 42d65d6afe10fc04c81491ccf681b2a9, type: 3}
    Weight: 1
--- !u!114 &-6858968627934716750
MonoBehaviour:
  m_ObjectHideFlags: 0
  m_CorrespondingSourceObject: {fileID: 0}
  m_PrefabInstance: {fileID: 0}
  m_PrefabAsset: {fileID: 0}
  m_GameObject: {fileID: 0}
  m_Enabled: 1
  m_EditorHideFlags: 0
  m_Script: {fileID: 11500000, guid: 9f6c631d933489d4ca7328a2a5983e10, type: 3}
  m_Name: UI_Click2
  m_EditorClassIdentifier: 
  DatabaseName: General
  SoundName: UI_Click2
  IgnoreListenerPause: 1
  Volume:
    MinValue: 0
    MaxValue: 0
  Pitch:
    MinValue: 0
    MaxValue: 0
  SpatialBlend: 0
  Loop: 0
  Mode: 0
  ResetSequenceAfterInactiveTime: 0
  SequenceResetTime: 5
  Sounds:
  - AudioClip: {fileID: 8300000, guid: 901868d9f9afa9c46a1243f041b0bef6, type: 3}
    Weight: 1
--- !u!114 &-6597711207580992410
MonoBehaviour:
  m_ObjectHideFlags: 0
  m_CorrespondingSourceObject: {fileID: 0}
  m_PrefabInstance: {fileID: 0}
  m_PrefabAsset: {fileID: 0}
  m_GameObject: {fileID: 0}
  m_Enabled: 1
  m_EditorHideFlags: 0
  m_Script: {fileID: 11500000, guid: 9f6c631d933489d4ca7328a2a5983e10, type: 3}
  m_Name: CellPhone5
  m_EditorClassIdentifier: 
  DatabaseName: General
  SoundName: CellPhone5
  IgnoreListenerPause: 1
  Volume:
    MinValue: 0
    MaxValue: 0
  Pitch:
    MinValue: 0
    MaxValue: 0
  SpatialBlend: 0
  Loop: 0
  Mode: 0
  ResetSequenceAfterInactiveTime: 0
  SequenceResetTime: 5
  Sounds:
  - AudioClip: {fileID: 8300000, guid: 00970e4564c7e844982fc4451da6ab04, type: 3}
    Weight: 1
--- !u!114 &-6074416112136300996
MonoBehaviour:
  m_ObjectHideFlags: 0
  m_CorrespondingSourceObject: {fileID: 0}
  m_PrefabInstance: {fileID: 0}
  m_PrefabAsset: {fileID: 0}
  m_GameObject: {fileID: 0}
  m_Enabled: 1
  m_EditorHideFlags: 0
  m_Script: {fileID: 11500000, guid: 9f6c631d933489d4ca7328a2a5983e10, type: 3}
  m_Name: Whoosh6
  m_EditorClassIdentifier: 
  DatabaseName: General
  SoundName: Whoosh6
  IgnoreListenerPause: 1
  Volume:
    MinValue: 0
    MaxValue: 0
  Pitch:
    MinValue: 0
    MaxValue: 0
  SpatialBlend: 0
  Loop: 0
  Mode: 0
  ResetSequenceAfterInactiveTime: 0
  SequenceResetTime: 5
  Sounds:
  - AudioClip: {fileID: 8300000, guid: dc78e2d15304bd6439e2a9ff2984180a, type: 3}
    Weight: 1
--- !u!114 &-5969853774891074423
MonoBehaviour:
  m_ObjectHideFlags: 0
  m_CorrespondingSourceObject: {fileID: 0}
  m_PrefabInstance: {fileID: 0}
  m_PrefabAsset: {fileID: 0}
  m_GameObject: {fileID: 0}
  m_Enabled: 1
  m_EditorHideFlags: 0
  m_Script: {fileID: 11500000, guid: 9f6c631d933489d4ca7328a2a5983e10, type: 3}
  m_Name: No Sound
  m_EditorClassIdentifier: 
  DatabaseName: General
  SoundName: No Sound
  IgnoreListenerPause: 1
  Volume:
    MinValue: 0
    MaxValue: 0
  Pitch:
    MinValue: 0
    MaxValue: 0
  SpatialBlend: 0
  Loop: 0
  Mode: 0
  ResetSequenceAfterInactiveTime: 0
  SequenceResetTime: 5
  Sounds: []
--- !u!114 &-1345020156609589332
MonoBehaviour:
  m_ObjectHideFlags: 0
  m_CorrespondingSourceObject: {fileID: 0}
  m_PrefabInstance: {fileID: 0}
  m_PrefabAsset: {fileID: 0}
  m_GameObject: {fileID: 0}
  m_Enabled: 1
  m_EditorHideFlags: 0
  m_Script: {fileID: 11500000, guid: 9f6c631d933489d4ca7328a2a5983e10, type: 3}
  m_Name: Whoosh1
  m_EditorClassIdentifier: 
  DatabaseName: General
  SoundName: Whoosh1
  IgnoreListenerPause: 1
  Volume:
    MinValue: 0
    MaxValue: 0
  Pitch:
    MinValue: 0
    MaxValue: 0
  SpatialBlend: 0
  Loop: 0
  Mode: 0
  ResetSequenceAfterInactiveTime: 0
  SequenceResetTime: 5
  Sounds:
  - AudioClip: {fileID: 8300000, guid: 16474162b6943874b9a0a88b0e56ffe1, type: 3}
    Weight: 1
--- !u!114 &-1126810175543548545
MonoBehaviour:
  m_ObjectHideFlags: 0
  m_CorrespondingSourceObject: {fileID: 0}
  m_PrefabInstance: {fileID: 0}
  m_PrefabAsset: {fileID: 0}
  m_GameObject: {fileID: 0}
  m_Enabled: 1
  m_EditorHideFlags: 0
  m_Script: {fileID: 11500000, guid: 9f6c631d933489d4ca7328a2a5983e10, type: 3}
  m_Name: CellPhone1
  m_EditorClassIdentifier: 
  DatabaseName: General
  SoundName: CellPhone1
  IgnoreListenerPause: 1
  Volume:
    MinValue: 0
    MaxValue: 0
  Pitch:
    MinValue: 0
    MaxValue: 0
  SpatialBlend: 0
  Loop: 0
  Mode: 0
  ResetSequenceAfterInactiveTime: 0
  SequenceResetTime: 5
  Sounds:
  - AudioClip: {fileID: 8300000, guid: f6b76a2dbc5c9f04d964fc9cafb9af0f, type: 3}
    Weight: 1
--- !u!114 &-981461632505642409
MonoBehaviour:
  m_ObjectHideFlags: 0
  m_CorrespondingSourceObject: {fileID: 0}
  m_PrefabInstance: {fileID: 0}
  m_PrefabAsset: {fileID: 0}
  m_GameObject: {fileID: 0}
  m_Enabled: 1
  m_EditorHideFlags: 0
  m_Script: {fileID: 11500000, guid: 9f6c631d933489d4ca7328a2a5983e10, type: 3}
  m_Name: CameraRemoveBattery
  m_EditorClassIdentifier: 
  DatabaseName: General
  SoundName: CameraRemoveBattery
  IgnoreListenerPause: 1
  Volume:
    MinValue: 0
    MaxValue: 0
  Pitch:
    MinValue: 0
    MaxValue: 0
  SpatialBlend: 0
  Loop: 0
  Mode: 0
  ResetSequenceAfterInactiveTime: 0
  SequenceResetTime: 5
  Sounds:
  - AudioClip: {fileID: 8300000, guid: 8792a35fa3cf61745be90b9048b8f974, type: 3}
    Weight: 1
--- !u!114 &-554313045525603062
MonoBehaviour:
  m_ObjectHideFlags: 0
  m_CorrespondingSourceObject: {fileID: 0}
  m_PrefabInstance: {fileID: 0}
  m_PrefabAsset: {fileID: 0}
  m_GameObject: {fileID: 0}
  m_Enabled: 1
  m_EditorHideFlags: 0
  m_Script: {fileID: 11500000, guid: 9f6c631d933489d4ca7328a2a5983e10, type: 3}
  m_Name: SecurityCameraServo
  m_EditorClassIdentifier: 
  DatabaseName: General
  SoundName: SecurityCameraServo
  IgnoreListenerPause: 1
  Volume:
    MinValue: 0
    MaxValue: 0
  Pitch:
    MinValue: 0
    MaxValue: 0
  SpatialBlend: 0
  Loop: 0
  Mode: 0
  ResetSequenceAfterInactiveTime: 0
  SequenceResetTime: 5
  Sounds:
  - AudioClip: {fileID: 8300000, guid: cf66202463158fc49ab5e74e875a7bb8, type: 3}
    Weight: 1
--- !u!114 &-127927180335817064
MonoBehaviour:
  m_ObjectHideFlags: 0
  m_CorrespondingSourceObject: {fileID: 0}
  m_PrefabInstance: {fileID: 0}
  m_PrefabAsset: {fileID: 0}
  m_GameObject: {fileID: 0}
  m_Enabled: 1
  m_EditorHideFlags: 0
  m_Script: {fileID: 11500000, guid: 9f6c631d933489d4ca7328a2a5983e10, type: 3}
  m_Name: Typewriter1
  m_EditorClassIdentifier: 
  DatabaseName: General
  SoundName: Typewriter1
  IgnoreListenerPause: 1
  Volume:
    MinValue: 0
    MaxValue: 0
  Pitch:
    MinValue: 0
    MaxValue: 0
  SpatialBlend: 0
  Loop: 0
  Mode: 0
  ResetSequenceAfterInactiveTime: 0
  SequenceResetTime: 5
  Sounds:
  - AudioClip: {fileID: 8300000, guid: d108c789238b9c14d995d43071e0a641, type: 3}
    Weight: 1
--- !u!114 &-116237894165649913
MonoBehaviour:
  m_ObjectHideFlags: 0
  m_CorrespondingSourceObject: {fileID: 0}
  m_PrefabInstance: {fileID: 0}
  m_PrefabAsset: {fileID: 0}
  m_GameObject: {fileID: 0}
  m_Enabled: 1
  m_EditorHideFlags: 0
  m_Script: {fileID: 11500000, guid: 9f6c631d933489d4ca7328a2a5983e10, type: 3}
  m_Name: PageTurn2
  m_EditorClassIdentifier: 
  DatabaseName: General
  SoundName: PageTurn2
  IgnoreListenerPause: 1
  Volume:
    MinValue: 0
    MaxValue: 0
  Pitch:
    MinValue: 0
    MaxValue: 0
  SpatialBlend: 0
  Loop: 0
  Mode: 0
  ResetSequenceAfterInactiveTime: 0
  SequenceResetTime: 5
  Sounds:
  - AudioClip: {fileID: 8300000, guid: cefe4d4d6d3bf504da210b89800a19dd, type: 3}
    Weight: 1
--- !u!114 &11400000
MonoBehaviour:
  m_ObjectHideFlags: 0
  m_CorrespondingSourceObject: {fileID: 0}
  m_PrefabInstance: {fileID: 0}
  m_PrefabAsset: {fileID: 0}
  m_GameObject: {fileID: 0}
  m_Enabled: 1
  m_EditorHideFlags: 0
  m_Script: {fileID: 11500000, guid: 4b400ee936d64d0e93e3892c7c321e09, type: 3}
  m_Name: SoundDatabase_General
  m_EditorClassIdentifier: 
  DatabaseName: General
  OutputAudioMixerGroup: {fileID: -1815023079159256013, guid: 542153593b4ea8741a9162213e22323a,
    type: 2}
  SoundNames:
  - No Sound
  - CameraMagazineDoorOpen
  - CameraRemoveBattery
  - CameraRun
  - CellPhone1
  - CellPhone2
  - CellPhone3
  - CellPhone4
  - CellPhone5
  - No Sound
  - PageTurn1
  - PageTurn2
  - SecurityCameraServo
  - Typewriter1
  - Typewriter2
  - UI_Click1
  - UI_Click2
  - Whoosh1
  - Whoosh2
  - Whoosh3
  - Whoosh4
  - Whoosh5
  - Whoosh6
  Database:
  - {fileID: -5969853774891074423}
  - {fileID: 2687593141404016663}
  - {fileID: -981461632505642409}
  - {fileID: 194481756343686742}
  - {fileID: -1126810175543548545}
  - {fileID: 6519951247485341257}
  - {fileID: 1919233757885716562}
  - {fileID: 2153216068369399324}
  - {fileID: -6597711207580992410}
  - {fileID: 3877663217021340778}
  - {fileID: -116237894165649913}
  - {fileID: -554313045525603062}
  - {fileID: -127927180335817064}
  - {fileID: -7014496015452737210}
  - {fileID: 6761522060230433037}
  - {fileID: -6858968627934716750}
  - {fileID: -1345020156609589332}
  - {fileID: 6518474996792234787}
  - {fileID: 3055361168224920991}
  - {fileID: 4033319354254736364}
  - {fileID: 6099360767288721721}
  - {fileID: -6074416112136300996}
--- !u!114 &194481756343686742
MonoBehaviour:
  m_ObjectHideFlags: 0
  m_CorrespondingSourceObject: {fileID: 0}
  m_PrefabInstance: {fileID: 0}
  m_PrefabAsset: {fileID: 0}
  m_GameObject: {fileID: 0}
  m_Enabled: 1
  m_EditorHideFlags: 0
  m_Script: {fileID: 11500000, guid: 9f6c631d933489d4ca7328a2a5983e10, type: 3}
  m_Name: CameraRun
  m_EditorClassIdentifier: 
  DatabaseName: General
  SoundName: CameraRun
  IgnoreListenerPause: 1
  Volume:
    MinValue: 0
    MaxValue: 0
  Pitch:
    MinValue: 0
    MaxValue: 0
  SpatialBlend: 0
  Loop: 0
  Mode: 0
  ResetSequenceAfterInactiveTime: 0
  SequenceResetTime: 5
  Sounds:
  - AudioClip: {fileID: 8300000, guid: f18c3928da628984ab6228084f9d4e29, type: 3}
    Weight: 1
--- !u!114 &1919233757885716562
MonoBehaviour:
  m_ObjectHideFlags: 0
  m_CorrespondingSourceObject: {fileID: 0}
  m_PrefabInstance: {fileID: 0}
  m_PrefabAsset: {fileID: 0}
  m_GameObject: {fileID: 0}
  m_Enabled: 1
  m_EditorHideFlags: 0
  m_Script: {fileID: 11500000, guid: 9f6c631d933489d4ca7328a2a5983e10, type: 3}
  m_Name: CellPhone3
  m_EditorClassIdentifier: 
  DatabaseName: General
  SoundName: CellPhone3
  IgnoreListenerPause: 1
  Volume:
    MinValue: 0
    MaxValue: 0
  Pitch:
    MinValue: 0
    MaxValue: 0
  SpatialBlend: 0
  Loop: 0
  Mode: 0
  ResetSequenceAfterInactiveTime: 0
  SequenceResetTime: 5
  Sounds:
  - AudioClip: {fileID: 8300000, guid: ecc9b1067656b7841b301dfecc5c28e7, type: 3}
    Weight: 1
--- !u!114 &2153216068369399324
MonoBehaviour:
  m_ObjectHideFlags: 0
  m_CorrespondingSourceObject: {fileID: 0}
  m_PrefabInstance: {fileID: 0}
  m_PrefabAsset: {fileID: 0}
  m_GameObject: {fileID: 0}
  m_Enabled: 1
  m_EditorHideFlags: 0
  m_Script: {fileID: 11500000, guid: 9f6c631d933489d4ca7328a2a5983e10, type: 3}
  m_Name: CellPhone4
  m_EditorClassIdentifier: 
  DatabaseName: General
  SoundName: CellPhone4
  IgnoreListenerPause: 1
  Volume:
    MinValue: 0
    MaxValue: 0
  Pitch:
    MinValue: 0
    MaxValue: 0
  SpatialBlend: 0
  Loop: 0
  Mode: 0
  ResetSequenceAfterInactiveTime: 0
  SequenceResetTime: 5
  Sounds:
  - AudioClip: {fileID: 8300000, guid: 7b7a26f2a1b78e5499b32a2d45cfdd15, type: 3}
    Weight: 1
--- !u!114 &2687593141404016663
MonoBehaviour:
  m_ObjectHideFlags: 0
  m_CorrespondingSourceObject: {fileID: 0}
  m_PrefabInstance: {fileID: 0}
  m_PrefabAsset: {fileID: 0}
  m_GameObject: {fileID: 0}
  m_Enabled: 1
  m_EditorHideFlags: 0
  m_Script: {fileID: 11500000, guid: 9f6c631d933489d4ca7328a2a5983e10, type: 3}
  m_Name: CameraMagazineDoorOpen
  m_EditorClassIdentifier: 
  DatabaseName: General
  SoundName: CameraMagazineDoorOpen
  IgnoreListenerPause: 1
  Volume:
    MinValue: 0
    MaxValue: 0
  Pitch:
    MinValue: 0
    MaxValue: 0
  SpatialBlend: 0
  Loop: 0
  Mode: 0
  ResetSequenceAfterInactiveTime: 0
  SequenceResetTime: 5
  Sounds:
  - AudioClip: {fileID: 8300000, guid: e38d8f73ee77b484785e1c182db58a09, type: 3}
    Weight: 1
--- !u!114 &3055361168224920991
MonoBehaviour:
  m_ObjectHideFlags: 0
  m_CorrespondingSourceObject: {fileID: 0}
  m_PrefabInstance: {fileID: 0}
  m_PrefabAsset: {fileID: 0}
  m_GameObject: {fileID: 0}
  m_Enabled: 1
  m_EditorHideFlags: 0
  m_Script: {fileID: 11500000, guid: 9f6c631d933489d4ca7328a2a5983e10, type: 3}
  m_Name: Whoosh3
  m_EditorClassIdentifier: 
  DatabaseName: General
  SoundName: Whoosh3
  IgnoreListenerPause: 1
  Volume:
    MinValue: 0
    MaxValue: 0
  Pitch:
    MinValue: 0
    MaxValue: 0
  SpatialBlend: 0
  Loop: 0
  Mode: 0
  ResetSequenceAfterInactiveTime: 0
  SequenceResetTime: 5
  Sounds:
  - AudioClip: {fileID: 8300000, guid: 677a0ecb71472f34781da94a58519cb7, type: 3}
    Weight: 1
--- !u!114 &3877663217021340778
MonoBehaviour:
  m_ObjectHideFlags: 0
  m_CorrespondingSourceObject: {fileID: 0}
  m_PrefabInstance: {fileID: 0}
  m_PrefabAsset: {fileID: 0}
  m_GameObject: {fileID: 0}
  m_Enabled: 1
  m_EditorHideFlags: 0
  m_Script: {fileID: 11500000, guid: 9f6c631d933489d4ca7328a2a5983e10, type: 3}
  m_Name: PageTurn1
  m_EditorClassIdentifier: 
  DatabaseName: General
  SoundName: PageTurn1
  IgnoreListenerPause: 1
  Volume:
    MinValue: 0
    MaxValue: 0
  Pitch:
    MinValue: 0
    MaxValue: 0
  SpatialBlend: 0
  Loop: 0
  Mode: 0
  ResetSequenceAfterInactiveTime: 0
  SequenceResetTime: 5
  Sounds:
  - AudioClip: {fileID: 8300000, guid: 1d0e261c8b4e0f644b36929439993c5c, type: 3}
    Weight: 1
--- !u!114 &4033319354254736364
MonoBehaviour:
  m_ObjectHideFlags: 0
  m_CorrespondingSourceObject: {fileID: 0}
  m_PrefabInstance: {fileID: 0}
  m_PrefabAsset: {fileID: 0}
  m_GameObject: {fileID: 0}
  m_Enabled: 1
  m_EditorHideFlags: 0
  m_Script: {fileID: 11500000, guid: 9f6c631d933489d4ca7328a2a5983e10, type: 3}
  m_Name: Whoosh4
  m_EditorClassIdentifier: 
  DatabaseName: General
  SoundName: Whoosh4
  IgnoreListenerPause: 1
  Volume:
    MinValue: 0
    MaxValue: 0
  Pitch:
    MinValue: 0
    MaxValue: 0
  SpatialBlend: 0
  Loop: 0
  Mode: 0
  ResetSequenceAfterInactiveTime: 0
  SequenceResetTime: 5
  Sounds:
  - AudioClip: {fileID: 8300000, guid: d9d913abbb3d079488a9d5bdea73ae1f, type: 3}
    Weight: 1
--- !u!114 &6099360767288721721
MonoBehaviour:
  m_ObjectHideFlags: 0
  m_CorrespondingSourceObject: {fileID: 0}
  m_PrefabInstance: {fileID: 0}
  m_PrefabAsset: {fileID: 0}
  m_GameObject: {fileID: 0}
  m_Enabled: 1
  m_EditorHideFlags: 0
  m_Script: {fileID: 11500000, guid: 9f6c631d933489d4ca7328a2a5983e10, type: 3}
  m_Name: Whoosh5
  m_EditorClassIdentifier: 
  DatabaseName: General
  SoundName: Whoosh5
  IgnoreListenerPause: 1
  Volume:
    MinValue: 0
    MaxValue: 0
  Pitch:
    MinValue: 0
    MaxValue: 0
  SpatialBlend: 0
  Loop: 0
  Mode: 0
  ResetSequenceAfterInactiveTime: 0
  SequenceResetTime: 5
  Sounds:
  - AudioClip: {fileID: 8300000, guid: 911484985909eb24eb0e4fcca0128686, type: 3}
    Weight: 1
--- !u!114 &6518474996792234787
MonoBehaviour:
  m_ObjectHideFlags: 0
  m_CorrespondingSourceObject: {fileID: 0}
  m_PrefabInstance: {fileID: 0}
  m_PrefabAsset: {fileID: 0}
  m_GameObject: {fileID: 0}
  m_Enabled: 1
  m_EditorHideFlags: 0
  m_Script: {fileID: 11500000, guid: 9f6c631d933489d4ca7328a2a5983e10, type: 3}
  m_Name: Whoosh2
  m_EditorClassIdentifier: 
  DatabaseName: General
  SoundName: Whoosh2
  IgnoreListenerPause: 1
  Volume:
    MinValue: 0
    MaxValue: 0
  Pitch:
    MinValue: 0
    MaxValue: 0
  SpatialBlend: 0
  Loop: 0
  Mode: 0
  ResetSequenceAfterInactiveTime: 0
  SequenceResetTime: 5
  Sounds:
  - AudioClip: {fileID: 8300000, guid: 2af690375e516234dbe76a3c3e713b78, type: 3}
    Weight: 1
--- !u!114 &6519951247485341257
MonoBehaviour:
  m_ObjectHideFlags: 0
  m_CorrespondingSourceObject: {fileID: 0}
  m_PrefabInstance: {fileID: 0}
  m_PrefabAsset: {fileID: 0}
  m_GameObject: {fileID: 0}
  m_Enabled: 1
  m_EditorHideFlags: 0
  m_Script: {fileID: 11500000, guid: 9f6c631d933489d4ca7328a2a5983e10, type: 3}
  m_Name: CellPhone2
  m_EditorClassIdentifier: 
  DatabaseName: General
  SoundName: CellPhone2
  IgnoreListenerPause: 1
  Volume:
    MinValue: 0
    MaxValue: 0
  Pitch:
    MinValue: 0
    MaxValue: 0
  SpatialBlend: 0
  Loop: 0
  Mode: 0
  ResetSequenceAfterInactiveTime: 0
  SequenceResetTime: 5
  Sounds:
  - AudioClip: {fileID: 8300000, guid: 34dd9eee425a5734d86810d48ce6720c, type: 3}
    Weight: 1
--- !u!114 &6761522060230433037
MonoBehaviour:
  m_ObjectHideFlags: 0
  m_CorrespondingSourceObject: {fileID: 0}
  m_PrefabInstance: {fileID: 0}
  m_PrefabAsset: {fileID: 0}
  m_GameObject: {fileID: 0}
  m_Enabled: 1
  m_EditorHideFlags: 0
  m_Script: {fileID: 11500000, guid: 9f6c631d933489d4ca7328a2a5983e10, type: 3}
  m_Name: UI_Click1
  m_EditorClassIdentifier: 
  DatabaseName: General
  SoundName: UI_Click1
  IgnoreListenerPause: 1
  Volume:
    MinValue: 0
    MaxValue: 0
  Pitch:
    MinValue: 0
    MaxValue: 0
  SpatialBlend: 0
  Loop: 0
  Mode: 0
  ResetSequenceAfterInactiveTime: 0
  SequenceResetTime: 5
  Sounds:
  - AudioClip: {fileID: 8300000, guid: e187981e53d5e664cb5218dca9588b74, type: 3}
    Weight: 1
